% Encoding: UTF-8

@Book{Eckert2023,
  author    = {Eckert, Claudia},
  publisher = {De Gruyter},
  title     = {IT-Sicherheit: Konzepte – Verfahren – Protokolle},
  year      = {2023},
  isbn      = {9783110985115},
  month     = jan,
  doi       = {10.1515/9783110985115},
}

@Book{Anderson2020,
  author    = {Anderson, Ross},
  publisher = {Wiley},
  title     = {Security Engineering: A Guide to Building Dependable Distributed Systems},
  year      = {2020},
  isbn      = {9781119644682},
  month     = dec,
  doi       = {10.1002/9781119644682},
}

@InBook{Anderson2002,
  author    = {Anderson, Ross and Stajano, Frank and Lee, Jong-Hyeon},
  pages     = {185--235},
  publisher = {Elsevier},
  title     = {Security policies},
  year      = {2002},
  booktitle = {Advances in Computers},
  doi       = {10.1016/s0065-2458(01)80030-9},
  issn      = {0065-2458},
}

@TechReport{Hu2014,
  author      = {Hu, Vincent C. and Ferraiolo, David and Kuhn, Rick and Schnitzer, Adam and Sandlin, Kenneth and Miller, Robert and Scarfone, Karen},
  institution = {National Institute of Standards and Technology},
  title       = {Guide to Attribute Based Access Control (ABAC) Definition and Considerations},
  year        = {2014},
  month       = jan,
  number      = {NIST Special Publication 800-162},
  doi         = {10.6028/nist.sp.800-162},
}

@TechReport{JTF2020,
  author      = {Task Force Interagency Working Group, Joint},
  institution = {National Institute of Standards and Technology},
  title       = {Security and Privacy Controls for Information Systems and Organizations},
  year        = {2020},
  month       = sep,
  number      = {NIST Special Publication 800-53,Rev.5},
  doi         = {10.6028/nist.sp.800-53r5},
}

@Article{Galloway2013,
  author    = {Galloway, Brendan and Hancke, Gerhard P.},
  journal   = {IEEE Communications Surveys \& Tutorials},
  title     = {Introduction to Industrial Control Networks},
  year      = {2013},
  issn      = {1553-877X},
  number    = {2},
  pages     = {860--880},
  volume    = {15},
  doi       = {10.1109/surv.2012.071812.00124},
  publisher = {Institute of Electrical and Electronics Engineers (IEEE)},
}

@TechReport{Stouffer2023,
  author      = {Stouffer, Keith and Pease, Michael and Tang, CheeYee and Zimmerman, Timothy and Pillitteri, Victoria and Lightman, Suzanne and Hahn, Adam and Saravia, Stephanie and Sherule, Aslam and Thompson, Michael},
  institution = {National Institute of Standards and Technology},
  title       = {Guide to Operational Technology (OT) Security},
  year        = {2023},
  number      = {NIST Special Publication 800-82,Rev.3},
  doi         = {10.6028/nist.sp.800-82r3},
}

@TechReport{Stouffer2015,
  author      = {Stouffer, Keith and Pillitteri, Victoria and Lightman, Suzanne and Abrams, Marshall and Hahn, Adam},
  institution = {National Institute of Standards and Technology},
  title       = {Guide to Industrial Control Systems (ICS) Security},
  year        = {2015},
  number      = {NIST Special Publication 800-82,Rev.2},
  doi         = {10.6028/NIST.SP.800-82r2},
}

@Book{bailey2003,
  author    = {Bailey, David and Wright, Edwin},
  publisher = {Elsevier},
  title     = {Practical SCADA for industry},
  year      = {2003},
  isbn      = {9780750658058},
  doi       = {10.1016/B978-0-7506-5805-8.X5000-4},
}

@Article{aga2006,
  author  = {{American Gas Association}},
  journal = {AGA Report},
  title   = {Cryptographic Protection of SCADA Communications},
  year    = {2006},
  number  = {12},
}

@Article{nsa2009,
  author  = {{National Security Agency}},
  journal = {Common Criteria for Information Technology Security Evaluation},
  title   = {Introduction and general model},
  year    = {2009},
}

@Article{Lampson1973,
  author    = {Lampson, Butler W.},
  journal   = {Communications of the ACM},
  title     = {A note on the confinement problem},
  year      = {1973},
  issn      = {1557-7317},
  month     = oct,
  number    = {10},
  pages     = {613--615},
  volume    = {16},
  doi       = {10.1145/362375.362389},
  publisher = {Association for Computing Machinery (ACM)},
}

@TechReport{Stine2008,
  author      = {Kevin Stine and Richard Kissel and William Barker and Jim Fahlsing and Jessica Gulick},
  institution = {National Institute of Standards and Technology},
  title       = {Guide for Mapping Types of Information and Information Systems to Security Categories},
  year        = {2008},
  number      = {NIST Special Publication 800-60,Vol.1,Rev.1},
  doi         = {10.6028/NIST.SP.800-60v1r1},
}

@Article{CNSS2022,
  author      = {{CNSS Glossary Working Group}},
  journal     = {Committee on National Security Systems Instruction (CNSSI)},
  title       = {CNSS Glossary},
  year        = {2022},
  number      = {4009},
  institution = {Committee on National Security Systems (CNSS)},
}

@Article{NIST2022,
  author      = {{National Institute of Standards and Technology}},
  journal     = {Federal Information Processing Standards Publication (FIPS PUB)},
  title       = {Personal Identity Verification (PIV) of Federal Employees and Contractors},
  year        = {2022},
  number      = {201-3},
  institution = {National Institute of Standards and Technology},
}

@InProceedings{Ishchenko2018,
  author    = {Ishchenko, Dmitry and Nuqui, Reynaldo},
  booktitle = {2018 IEEE/PES Transmission and Distribution Conference and Exposition (T\&D)},
  title     = {Secure Communication of Intelligent Electronic Devices in Digital Substations},
  year      = {2018},
  month     = apr,
  publisher = {IEEE},
  doi       = {10.1109/tdc.2018.8440438},
}

@Article{Rodriguez2021,
  author    = {Rodriguez, Mikel and Lazaro, Jesus and Bidarte, Unai and Jimenez, Jaime and Astarloa, Armando},
  journal   = {IEEE Access},
  title     = {A Fixed-Latency Architecture to Secure GOOSE and Sampled Value Messages in Substation Systems},
  year      = {2021},
  issn      = {2169-3536},
  pages     = {51646--51658},
  volume    = {9},
  doi       = {10.1109/access.2021.3069088},
  publisher = {Institute of Electrical and Electronics Engineers (IEEE)},
}

@Article{Hong2019,
  author    = {Hong, Junho and Nuqui, Reynaldo F. and Kondabathini, Anil and Ishchenko, Dmitry and Martin, Aaron},
  journal   = {IEEE Transactions on Industrial Informatics},
  title     = {Cyber Attack Resilient Distance Protection and Circuit Breaker Control for Digital Substations},
  year      = {2019},
  issn      = {1941-0050},
  month     = jul,
  number    = {7},
  pages     = {4332--4341},
  volume    = {15},
  doi       = {10.1109/tii.2018.2884728},
  publisher = {Institute of Electrical and Electronics Engineers (IEEE)},
}

@InProceedings{Ruland2018,
  author    = {Ruland, Christoph and Sassmannshausen, Jochen},
  booktitle = {2018 IEEE International Conference on Smart Energy Grid Engineering (SEGE)},
  title     = {Firewall for Attribute-Based Access Control in Smart Grids},
  year      = {2018},
  month     = aug,
  publisher = {IEEE},
  doi       = {10.1109/sege.2018.8499306},
}

@Online{oshaSubstation,
  author  = {{Occupational Safety and Health Administration (OSHA)}},
  title   = {Illustrated Glossary - Substations},
  url     = {https://www.osha.gov/etools/electric-power/illustrated-glossary/sub-station},
  urldate = {2025-01-30},
}

@InProceedings{Burmester2013,
  author    = {Burmester, Mike and Magkos, Emmanouil and Chrissikopoulos, Vassilis},
  booktitle = {2013 IEEE Symposium on Computers and Communications (ISCC)},
  title     = {T-ABAC: An attribute-based access control model for real-time availability in highly dynamic systems},
  year      = {2013},
  month     = jul,
  publisher = {IEEE},
  doi       = {10.1109/iscc.2013.6754936},
}

@Article{Lee2015,
  author    = {Lee, Byunghun and Kim, Dae-Kyoo and Yang, Hyosik and Jang, Hyuksoo},
  journal   = {Information Systems},
  title     = {Role-based access control for substation automation systems using XACML},
  year      = {2015},
  issn      = {0306-4379},
  month     = oct,
  pages     = {237--249},
  volume    = {53},
  doi       = {10.1016/j.is.2015.01.007},
  publisher = {Elsevier BV},
}

@InProceedings{Ma2006,
  author    = {Ma, Mingchao and Woodhead, Steve},
  booktitle = {The Sixth IEEE International Conference on Computer and Information Technology (CIT’06)},
  title     = {Constraint-Enabled Distributed RBAC for Subscription-Based Remote Network Services},
  year      = {2006},
  publisher = {IEEE},
  doi       = {10.1109/cit.2006.63},
}

@Article{Alcaraz2016,
  author    = {Alcaraz, Cristina and Lopez, Javier and Wolthusen, Stephen},
  journal   = {Journal of Network and Computer Applications},
  title     = {Policy enforcement system for secure interoperable control in distributed Smart Grid systems},
  year      = {2016},
  issn      = {1084-8045},
  month     = jan,
  pages     = {301--314},
  volume    = {59},
  doi       = {10.1016/j.jnca.2015.05.023},
  publisher = {Elsevier BV},
}

@InProceedings{Liu2006,
  author    = {Nian Liu and Bin Duan and Jian Wang and Shenglong Huang},
  booktitle = {2006 IEEE Power Engineering Society General Meeting},
  title     = {Study on PMI based access control of substation automation system},
  year      = {2006},
  publisher = {IEEE},
  doi       = {10.1109/pes.2006.1709324},
}

@InProceedings{Elbez2019,
  author    = {Elbez, Ghada and Keller, Hubert B. and Hagenmeyer, Veit},
  booktitle = {Electronic Workshops in Computing},
  title     = {Authentication of GOOSE Messages under Timing Constraints in IEC 61850 Substations},
  year      = {2019},
  month     = sep,
  publisher = {BCS Learning \& Development},
  doi       = {10.14236/ewic/icscsr19.17},
  issn      = {1477-9358},
}

@Article{Ma2006a,
  author    = {Ma, Mingchao and Woodhead, Steve},
  journal   = {Computers \& Security},
  title     = {Authentication delegation for subscription-based remote network services},
  year      = {2006},
  issn      = {0167-4048},
  month     = jul,
  number    = {5},
  pages     = {371--378},
  volume    = {25},
  doi       = {10.1016/j.cose.2006.03.006},
  publisher = {Elsevier BV},
}

@InProceedings{Samuel2008,
  author    = {Samuel, H. and Zhuang, W. and Preiss, B.},
  booktitle = {2008 IEEE International Conference on Communications},
  title     = {Routing over Interconnected Heterogeneous Wireless Networks with Intermittent Connections},
  year      = {2008},
  publisher = {IEEE},
  doi       = {10.1109/icc.2008.435},
}

@InBook{Girault2005,
  author    = {Girault, Marc and Lefranc, David},
  pages     = {605--623},
  publisher = {Springer Berlin Heidelberg},
  title     = {Server-Aided Verification: Theory and Practice},
  year      = {2005},
  isbn      = {9783540322672},
  booktitle = {Advances in Cryptology - ASIACRYPT 2005},
  doi       = {10.1007/11593447_33},
  issn      = {1611-3349},
}

@InBook{Green2007,
  author    = {Green, Matthew and Ateniese, Giuseppe},
  pages     = {288--306},
  publisher = {Springer Berlin Heidelberg},
  title     = {Identity-Based Proxy Re-encryption},
  year      = {2007},
  isbn      = {9783540727385},
  booktitle = {Lecture Notes in Computer Science},
  doi       = {10.1007/978-3-540-72738-5_19},
  issn      = {1611-3349},
}

@Article{IEC61850P5,
  author  = {{International Electrotechnical Commission}},
  journal = {Communication networks and systems for power utility automation (IEC 61850)},
  title   = {Part 5: Communication requirements for functions and device models},
  year    = {2014},
}

@Article{IEC61850P8,
  author  = {{International Electrotechnical Commission}},
  journal = {Communication networks and systems for power utility automation (IEC 61850)},
  title   = {Part 8­1: Specific communication service mapping (SCSM) - Mappings to MMS (ISO 9506­1 and ISO 9506­2) and to ISO/IEC 8802­3},
  year    = {2022},
}

@Article{IEC62351P8,
  author  = {{International Electrotechnical Commission}},
  journal = {Power systems management and associated information exchange - Data and communications security (IEC 62351)},
  title   = {Part 8: Role-based access control for power system management},
  year    = {2020},
}

@Article{IEC62351P6,
  author  = {{International Electrotechnical Commission}},
  journal = {Power systems management and associated information exchange - Data and communications security (IEC 62351)},
  title   = {Part 6: Security for IEC 61850},
  year    = {2020},
}

@Book{Padilla2015,
  author    = {Padilla, Evelio},
  publisher = {Wiley},
  title     = {Substation Automation Systems: Design and Implementation},
  year      = {2015},
  isbn      = {9781118987216},
  month     = oct,
  doi       = {10.1002/9781118987216},
}

@Book{Boneh2023,
  author  = {Dan Boneh and Victor Shoup},
  title   = {A Graduate Course in Applied Cryptography},
  year    = {2023},
  url     = {https://toc.cryptobook.us/book.pdf},
  urldate = {2025-01-30},
}

@InBook{AlRiyami2003,
  author    = {Al-Riyami, Sattam S. and Paterson, Kenneth G.},
  pages     = {452--473},
  publisher = {Springer Berlin Heidelberg},
  title     = {Certificateless Public Key Cryptography},
  year      = {2003},
  isbn      = {9783540400615},
  booktitle = {Lecture Notes in Computer Science},
  doi       = {10.1007/978-3-540-40061-5_29},
  issn      = {1611-3349},
}

@InBook{Shamir1985,
  author    = {Shamir, Adi},
  pages     = {47--53},
  publisher = {Springer Berlin Heidelberg},
  title     = {Identity-Based Cryptosystems and Signature Schemes},
  year      = {1985},
  isbn      = {9783540156581},
  booktitle = {Lecture Notes in Computer Science},
  doi       = {10.1007/3-540-39568-7_5},
}

@Article{Ramadan2020,
  author    = {Ramadan, Mohammed and Liao, Yongjian and Li, Fagen and Zhou, Shijie},
  journal   = {IEEE Access},
  title     = {Identity-Based Signature With Server-Aided Verification Scheme for 5G Mobile Systems},
  year      = {2020},
  issn      = {2169-3536},
  pages     = {51810--51820},
  volume    = {8},
  doi       = {10.1109/access.2020.2980213},
  publisher = {Institute of Electrical and Electronics Engineers (IEEE)},
}

@InBook{Wu2008,
  author    = {Wu, Wei and Mu, Yi and Susilo, Willy and Huang, Xinyi},
  pages     = {141--155},
  publisher = {Springer Berlin Heidelberg},
  title     = {Server-Aided Verification Signatures: Definitions and New Constructions},
  year      = {2008},
  isbn      = {9783540887331},
  booktitle = {Lecture Notes in Computer Science},
  doi       = {10.1007/978-3-540-88733-1_10},
  issn      = {1611-3349},
}

@InProceedings{Ramadan2023,
  author    = {Ramadan, Mohammed and Elbez, Ghada and Hagenmeyer, Veit},
  booktitle = {2023 7th International Conference on System Reliability and Safety (ICSRS)},
  title     = {Verifiable Certificateless Signcryption Scheme for Smart Grids},
  year      = {2023},
  month     = nov,
  publisher = {IEEE},
  doi       = {10.1109/icsrs59833.2023.10381069},
}

@Article{Goldwasser1988,
  author    = {Goldwasser, Shafi and Micali, Silvio and Rivest, Ronald L.},
  journal   = {SIAM Journal on Computing},
  title     = {A Digital Signature Scheme Secure Against Adaptive Chosen-Message Attacks},
  year      = {1988},
  issn      = {1095-7111},
  month     = apr,
  number    = {2},
  pages     = {281--308},
  volume    = {17},
  doi       = {10.1137/0217017},
  publisher = {Society for Industrial & Applied Mathematics (SIAM)},
}

@Misc{rfc4949,
  author       = {Robert W. Shirey},
  howpublished = {RFC 4949},
  month        = aug,
  title        = {{Internet Security Glossary, Version 2}},
  year         = {2007},
  abstract     = {This Glossary provides definitions, abbreviations, and explanations of terminology for information system security. The 334 pages of entries offer recommendations to improve the comprehensibility of written material that is generated in the Internet Standards Process (RFC 2026). The recommendations follow the principles that such writing should (a) use the same term or definition whenever the same concept is mentioned; (b) use terms in their plainest, dictionary sense; (c) use terms that are already well-established in open publications; and (d) avoid terms that either favor a particular vendor or favor a particular technology or mechanism over other, competing techniques that already exist or could be developed. This memo provides information for the Internet community.},
  doi          = {10.17487/RFC4949},
  number       = {4949},
  pagetotal    = {365},
  publisher    = {RFC Editor},
  series       = {Request for Comments},
}

@Online{Oasis2013,
  author  = {{OASIS Open}},
  title   = {eXtensible Access Control Markup Language (XACML) Version 3.0},
  url     = {https://docs.oasis-open.org/xacml/3.0/xacml-3.0-core-spec-os-en.pdf},
  urldate = {2025-01-30},
  year    = {2013},
}

@Online{canada2021,
  author  = {{Communications Security Establishment Canada}},
  month   = dec,
  title   = {Cyber threat bulletin: Cyber threat to operational technology},
  url     = {https://open.canada.ca/data/dataset/98bad300-28f1-49b9-9b34-2d46de4c9a58},
  urldate = {2025-01-30},
  year    = {2021},
}

@Online{bbc2010,
  author  = {Jonathan Fildes},
  title   = {Stuxnet worm targeted high-value Iranian assets},
  url     = {https://www.bbc.com/news/technology-11388018},
  urldate = {2025-01-30},
  year    = {2010},
}

@Online{reuters2012,
  author  = {Jim Finkle},
  title   = {Insiders suspected in Saudi cyber attack},
  url     = {https://www.reuters.com/article/net-us-saudi-aramco-hack/exclusive-insiders-suspected-in-saudi-cyber-attack-idUSBRE8860CR20120907},
  urldate = {2025-01-30},
  year    = {2012},
}

@Online{wsj2015,
  author  = {Danny Yadron},
  title   = {Iranian Hackers Infiltrated New York Dam in 2013},
  url     = {https://www.wsj.com/articles/iranian-hackers-infiltrated-new-york-dam-in-2013-1450662559},
  urldate = {2025-01-30},
  year    = {2015},
}

@Online{cisa2018a,
  author  = {{Cybersecurity \& Infrastructure Security Agency (CISA)}},
  title   = {ICS Focused Malware (Update A)},
  url     = {https://www.cisa.gov/news-events/ics-alerts/ics-alert-14-176-02a},
  urldate = {2025-01-30},
  year    = {2018},
}

@Online{bsi2014,
  author  = {{Bundesamt für Sicherheit in der Informationstechnik (BSI)}},
  title   = {Die Lage der IT-Sicherheit in Deutschland 2014},
  url     = {https://www.bsi.bund.de/SharedDocs/Downloads/DE/BSI/Publikationen/Lageberichte/Lagebericht2014.pdf},
  urldate = {2025-01-30},
  year    = {2014},
}

@Online{cisa2021a,
  author  = {{Cybersecurity \& Infrastructure Security Agency (CISA)}},
  title   = {Cyber-Attack Against Uk\-rai\-nian Critical Infrastructure},
  url     = {https://www.cisa.gov/news-events/ics-alerts/ir-alert-h-16-056-01},
  urldate = {2025-01-30},
  year    = {2021},
}

@Online{reuters2016,
  author  = {Natalia Zinets},
  title   = {Ukraine hit by 6,500 hack attacks, sees Russian cyberwar},
  url     = {https://www.reuters.com/article/us-ukraine-crisis-cyber-idUSKBN14I1QC},
  urldate = {2025-01-30},
  year    = {2016},
}

@Online{cisa2021b,
  author  = {{Cybersecurity \& Infrastructure Security Agency (CISA)}},
  title   = {CrashOverride Malware},
  url     = {https://www.cisa.gov/news-events/alerts/2017/06/12/crashoverride-malware},
  urldate = {2025-01-30},
  year    = {2021},
}

@Online{hdn2017,
  author  = {{Hürriyet Daily News}},
  title   = {Major cyber-attack on Turkish Energy Ministry claimed},
  url     = {https://www.hurriyetdailynews.com/major-cyber-attack-on-turkish-energy-ministry-claimed-107981},
  urldate = {2025-01-30},
  year    = {2017},
}

@Online{vice2017,
  author  = {Joseph Cox},
  title   = {GCHQ Says Hackers Have Likely Compromised UK Energy Sector Targets},
  url     = {https://www.vice.com/en/article/9kwg4a/gchq-says-hackers-have-likely-compromised-uk-energy-sector-targets},
  urldate = {2025-01-30},
  year    = {2017},
}

@Online{johnson2017,
  author  = {Johnson, Blake and Caban, Dan and Krotofil, Marina and Scali, Dan and Brubaker, Nathan and Glyer, Christopher},
  title   = {Attackers Deploy New ICS Attack Framework "TRITON" and Cause Operational Disruption to Critical Infrastructure},
  url     = {https://cloud.google.com/blog/topics/threat-intelligence/attackers-deploy-new-ics-attack-framework-triton},
  urldate = {2025-01-30},
  year    = {2017},
}

@Online{cisa2018b,
  author  = {{Cybersecurity \& Infrastructure Security Agency (CISA)}},
  title   = {Russian Government Cyber Activity Targeting Energy and Other Critical Infrastructure Sectors},
  url     = {https://www.cisa.gov/news-events/alerts/2018/03/15/russian-government-cyber-activity-targeting-energy-and-other-critical-infrastructure-sectors},
  urldate = {2025-01-30},
  year    = {2018},
}

@Online{toi2020,
  author  = {The Times of Israel},
  title   = {Cyber attacks again hit Israel’s water system, shutting agricultural pumps},
  url     = {https://www.timesofisrael.com/cyber-attacks-again-hit-israels-water-system-shutting-agricultural-pumps},
  urldate = {2025-01-30},
  year    = {2020},
}

@Online{warrick2020,
  author  = {Warrick, Joby and Nakashima, Ellen},
  title   = {Officials: Israel linked to a disruptive cyberattack on Iranian port facility},
  url     = {https://www.washingtonpost.com/national-security/officials-israel-linked-to-a-disruptive-cyberattack-on-iranian-port-facility/2020/05/18/9d1da866-9942-11ea-89fd-28fb313d1886_story.html},
  urldate = {2025-01-30},
  year    = {2020},
}

@TechReport{Barker2016,
  author      = {Barker, Elaine and Barker, William},
  institution = {National Institute of Standards and Technology},
  title       = {Guideline for Using Cryptographic Standards in the Federal Government: Directives, Mandates and Policies},
  year        = {2016},
  number      = {NIST Special Publication 800-175A},
  doi         = {10.6028/NIST.SP.800-175A},
}

@TechReport{Barker2020,
  author      = {Barker, Elaine},
  institution = {National Institute of Standards and Technology},
  title       = {Guideline for Using Cryptographic Standards in the Federal Government: Cryptographic Mechanisms},
  year        = {2020},
  number      = {NIST Special Publication 800-175B,Rev.1},
  doi         = {10.6028/NIST.SP.800-175Br1},
}

@Book{Menezes1996,
  author    = {Menezes, Alfred J. and van Oorschot, Paul C. and Vanstone, Scott A.},
  publisher = {CRC Press},
  title     = {Handbook of Applied Cryptography},
  year      = {1996},
  doi       = {10.1201/9780429466335},
}

@Article{Shannon1949,
  author    = {Shannon, C. E.},
  journal   = {Bell System Technical Journal},
  title     = {Communication Theory of Secrecy Systems},
  year      = {1949},
  issn      = {0005-8580},
  month     = oct,
  number    = {4},
  pages     = {656--715},
  volume    = {28},
  doi       = {10.1002/j.1538-7305.1949.tb00928.x},
  publisher = {Institute of Electrical and Electronics Engineers (IEEE)},
}

@Article{Kerckhoffs1883,
  author  = {Auguste Kerckhoffs},
  journal = {Journal des sciences militaires},
  title   = {La cryptographie militaire},
  year    = {1883},
  volume  = {IX},
}

@Article{CNSS2021,
  author  = {{Committee on National Security Systems (CNSS)}},
  journal = {Committee on National Security Systems Instruction (CNSSI)},
  title   = {Instruction for Secret National Security Systems Public Key Infrastructure X.509 Certificate Policy},
  year    = {2021},
  number  = {1300},
}

@InProceedings{Goyal2006,
  author    = {Goyal, Vipul and Pandey, Omkant and Sahai, Amit and Waters, Brent},
  booktitle = {Proceedings of the 13th ACM conference on Computer and communications security},
  title     = {Attribute-based encryption for fine-grained access control of encrypted data},
  year      = {2006},
  month     = oct,
  publisher = {ACM},
  series    = {CCS06},
  doi       = {10.1145/1180405.1180418},
}

@TechReport{Hu2023,
  author      = {Hu, Vincent C},
  institution = {National Institute of Standards and Technology (U.S.)},
  title       = {Overview and considerations of access control based on attribute encryption},
  year        = {2023},
  number      = {NIST Internal Report 8450-upd1},
  doi         = {10.6028/nist.ir.8450-upd1},
}

@InBook{Sahai2005,
  author    = {Sahai, Amit and Waters, Brent},
  pages     = {457--473},
  publisher = {Springer Berlin Heidelberg},
  title     = {Fuzzy Identity-Based Encryption},
  year      = {2005},
  isbn      = {9783540320555},
  booktitle = {Advances in Cryptology – EUROCRYPT 2005},
  doi       = {10.1007/11426639_27},
  issn      = {1611-3349},
}

@InProceedings{Bethencourt2007,
  author    = {Bethencourt, John and Sahai, Amit and Waters, Brent},
  booktitle = {2007 IEEE Symposium on Security and Privacy (SP ’07)},
  title     = {Ciphertext-Policy Attribute-Based Encryption},
  year      = {2007},
  month     = may,
  publisher = {IEEE},
  doi       = {10.1109/sp.2007.11},
}

@InBook{Maji2011,
  author    = {Maji, Hemanta K. and Prabhakaran, Manoj and Rosulek, Mike},
  pages     = {376--392},
  publisher = {Springer Berlin Heidelberg},
  title     = {Attribute-Based Signatures},
  year      = {2011},
  isbn      = {9783642190742},
  booktitle = {Topics in Cryptology – CT-RSA 2011},
  doi       = {10.1007/978-3-642-19074-2_24},
  issn      = {1611-3349},
}

@InProceedings{Li2010,
  author     = {Li, Jin and Au, Man Ho and Susilo, Willy and Xie, Dongqing and Ren, Kui},
  booktitle  = {Proceedings of the 5th ACM Symposium on Information, Computer and Communications Security},
  title      = {Attribute-based signature and its applications},
  year       = {2010},
  month      = apr,
  publisher  = {ACM},
  series     = {ASIA CCS ’10},
  collection = {ASIA CCS ’10},
  doi        = {10.1145/1755688.1755697},
}

@Article{Fang2012,
  author    = {Fang, Xi and Misra, Satyajayant and Xue, Guoliang and Yang, Dejun},
  journal   = {IEEE Communications Surveys \& Tutorials},
  title     = {Smart Grid — The New and Improved Power Grid: A Survey},
  year      = {2012},
  issn      = {1553-877X},
  number    = {4},
  pages     = {944--980},
  volume    = {14},
  doi       = {10.1109/surv.2011.101911.00087},
  publisher = {Institute of Electrical and Electronics Engineers (IEEE)},
}

@TechReport{Gopstein2021,
  author      = {Avi Gopstein and Cuong Nguyen and Cheyney O'Fallon and Nelson Hastings and David A. Wollman},
  institution = {National Institute of Standards and Technology},
  title       = {NIST Framework and Roadmap for Smart Grid Interoperability Standards},
  year        = {2021},
  number      = {NIST Special Publication 1108r4},
  doi         = {10.6028/NIST.SP.1108r4},
}

@Article{Gellings2004,
  author    = {Gellings, C.W. and Samotyj, M. and Howe, B.},
  journal   = {IEEE Power and Energy Magazine},
  title     = {The future’s smart delivery system},
  year      = {2004},
  issn      = {1540-7977},
  month     = sep,
  number    = {5},
  pages     = {40--48},
  volume    = {2},
  doi       = {10.1109/mpae.2004.1338121},
  publisher = {Institute of Electrical and Electronics Engineers (IEEE)},
}

@Article{Yan2012,
  author    = {Yan, Ye and Qian, Yi and Sharif, Hamid and Tipper, David},
  journal   = {IEEE Communications Surveys &amp; Tutorials},
  title     = {A Survey on Cyber Security for Smart Grid Communications},
  year      = {2012},
  issn      = {1553-877X},
  number    = {4},
  pages     = {998--1010},
  volume    = {14},
  doi       = {10.1109/surv.2012.010912.00035},
  publisher = {Institute of Electrical and Electronics Engineers (IEEE)},
}

@Article{Vaidya2013,
  author    = {Vaidya, B. and Makrakis, D. and Mouftah, H. T.},
  journal   = {IEEE Network},
  title     = {Authentication and authorization mechanisms for substation automation in smart grid network},
  year      = {2013},
  issn      = {0890-8044},
  month     = jan,
  number    = {1},
  pages     = {5--11},
  volume    = {27},
  doi       = {10.1109/mnet.2013.6423185},
  publisher = {Institute of Electrical and Electronics Engineers (IEEE)},
}

@Article{Soares2021,
  author    = {Soares, Arthur A. Z. and Lopes, Yona and Passos, Diego and Fernandes, Natalia C. and Muchaluat-Saade, Debora C.},
  journal   = {IEEE Access},
  title     = {3AS: Authentication, Authorization, and Accountability for SDN-Based Smart Grids},
  year      = {2021},
  issn      = {2169-3536},
  pages     = {88621--88640},
  volume    = {9},
  doi       = {10.1109/access.2021.3090346},
  publisher = {Institute of Electrical and Electronics Engineers (IEEE)},
}

@Article{Oberko2022,
  author    = {Oberko, Prince Silas Kwesi and Obeng, Victor-Hillary Kofi Setornyo and Xiong, Hu and Kumari, Saru},
  journal   = {Journal of Systems Architecture},
  title     = {A survey on Attribute-Based Signatures},
  year      = {2022},
  issn      = {1383-7621},
  month     = mar,
  pages     = {102396},
  volume    = {124},
  doi       = {10.1016/j.sysarc.2022.102396},
  publisher = {Elsevier BV},
}

@InBook{Gagne2013,
  author    = {Gagné, Martin and Narayan, Shivaramakrishnan and Safavi-Naini, Reihaneh},
  pages     = {295--313},
  publisher = {Springer Berlin Heidelberg},
  title     = {Short Pairing-Efficient Threshold-Attribute-Based Signature},
  year      = {2013},
  isbn      = {9783642363344},
  booktitle = {Pairing-Based Cryptography – Pairing 2012},
  doi       = {10.1007/978-3-642-36334-4_19},
  issn      = {1611-3349},
}

@InBook{Okamoto2013,
  author    = {Okamoto, Tatsuaki and Takashima, Katsuyuki},
  pages     = {125--142},
  publisher = {Springer Berlin Heidelberg},
  title     = {Decentralized Attribute-Based Signatures},
  year      = {2013},
  isbn      = {9783642363627},
  booktitle = {Public-Key Cryptography – PKC 2013},
  doi       = {10.1007/978-3-642-36362-7_9},
  issn      = {1611-3349},
}

@Article{Liu2015,
  author    = {Liu, Zhusong and Yan, Hongyang and Li, Zhike},
  journal   = {Future Generation Computer Systems},
  title     = {Server-aided anonymous attribute-based authentication in cloud computing},
  year      = {2015},
  issn      = {0167-739X},
  month     = nov,
  pages     = {61--66},
  volume    = {52},
  doi       = {10.1016/j.future.2014.12.001},
  publisher = {Elsevier BV},
}

@Article{Cui2018,
  author    = {Cui, Hui and Deng, Robert H. and Liu, Joseph K. and Yi, Xun and Li, Yingjiu},
  journal   = {IEEE Transactions on Industrial Informatics},
  title     = {Server-Aided Attribute-Based Signature With Revocation for Resource-Constrained Industrial-Internet-of-Things Devices},
  year      = {2018},
  issn      = {1941-0050},
  month     = aug,
  number    = {8},
  pages     = {3724--3732},
  volume    = {14},
  doi       = {10.1109/tii.2018.2813304},
  publisher = {Institute of Electrical and Electronics Engineers (IEEE)},
}

@Article{Xiong2020,
  author    = {Xiong, Hu and Bao, Yangyang and Nie, Xuyun and Asoor, Yakubu Issifu},
  journal   = {IEEE Transactions on Industrial Informatics},
  title     = {Server-Aided Attribute-Based Signature Supporting Expressive Access Structures for Industrial Internet of Things},
  year      = {2020},
  issn      = {1941-0050},
  month     = feb,
  number    = {2},
  pages     = {1013--1023},
  volume    = {16},
  doi       = {10.1109/tii.2019.2921516},
  publisher = {Institute of Electrical and Electronics Engineers (IEEE)},
}

@Article{Chen2022,
  author    = {Chen, Yu and Li, Jiguo and Liu, Chengdong and Han, Jinguang and Zhang, Yichen and Yi, Peng},
  journal   = {IEEE Transactions on Services Computing},
  title     = {Efficient Attribute Based Server-Aided Verification Signature},
  year      = {2022},
  issn      = {2372-0204},
  month     = nov,
  number    = {6},
  pages     = {3224--3232},
  volume    = {15},
  doi       = {10.1109/tsc.2021.3096420},
  publisher = {Institute of Electrical and Electronics Engineers (IEEE)},
}

@Article{Hussain2021,
  author    = {Hussain, Shahbaz and Hernandez Fernandez, Javier and Al-Ali, Abdulla Khalid and Shikfa, Abdullatif},
  journal   = {International Journal of Critical Infrastructure Protection},
  title     = {Vulnerabilities and countermeasures in electrical substations},
  year      = {2021},
  issn      = {1874-5482},
  month     = jun,
  pages     = {100406},
  volume    = {33},
  doi       = {10.1016/j.ijcip.2020.100406},
  publisher = {Elsevier BV},
}

@Article{Nicholson2012,
  author    = {Nicholson, A. and Webber, S. and Dyer, S. and Patel, T. and Janicke, H.},
  journal   = {Computers \& Security},
  title     = {SCADA security in the light of Cyber-Warfare},
  year      = {2012},
  issn      = {0167-4048},
  month     = jun,
  number    = {4},
  pages     = {418--436},
  volume    = {31},
  doi       = {10.1016/j.cose.2012.02.009},
  publisher = {Elsevier BV},
}

@InProceedings{Rizzetti2015,
  author    = {Rizzetti, Tiago Antonio and Wessel, Pedro and Rodrigues, Alexandre Silva and Menezes Da Silva, Bolivar and Milbradt, Rafael and Canha, Luciane Neves},
  booktitle = {2015 50th International Universities Power Engineering Conference (UPEC)},
  title     = {Cyber security and communications network on SCADA systems in the context of Smart Grids},
  year      = {2015},
  month     = sep,
  pages     = {1--6},
  publisher = {IEEE},
  doi       = {10.1109/upec.2015.7339762},
}

@InProceedings{Cai2016,
  author    = {Cai, Jiran and Zheng, Yongkang and Zhou, Zhenyu},
  booktitle = {2016 International Conference on Smart Grid and Clean Energy Technologies (ICSGCE)},
  title     = {Review of cyber-security challenges and measures in smart substation},
  year      = {2016},
  month     = oct,
  pages     = {65--69},
  publisher = {IEEE},
  doi       = {10.1109/icsgce.2016.7876027},
}

@Article{Aloul2012,
  author    = {Aloul, Fadi and Al-Ali, A. R. and Al-Dalky, Rami and Al-Mardini, Mamoun and El-Hajj, Wassim},
  journal   = {International Journal of Smart Grid and Clean Energy},
  title     = {Smart Grid Security: Threats, Vulnerabilities and Solutions},
  year      = {2012},
  issn      = {2315-4462},
  pages     = {1--6},
  doi       = {10.12720/sgce.1.1.1-6},
  publisher = {Engineering and Technology Publishing},
}

@Article{Dolev1983,
  author    = {Dolev, D. and Yao, A.},
  journal   = {IEEE Transactions on Information Theory},
  title     = {On the security of public key protocols},
  year      = {1983},
  issn      = {0018-9448},
  month     = mar,
  number    = {2},
  pages     = {198--208},
  volume    = {29},
  doi       = {10.1109/tit.1983.1056650},
  publisher = {Institute of Electrical and Electronics Engineers (IEEE)},
}

@Article{Ponikwar2016,
  author  = {Christoph Ponikwar and Hans-Joachim Hof and Smriti Gopinath and Lars Wischhof},
  journal = {CoRR},
  title   = {Beyond the Dolev-Yao Model: Realistic Application-Specific Attacker Models for Applications Using Vehicular Communication},
  year    = {2016},
  volume  = {abs/1607.08277},
  doi     = {10.48550/arXiv.1607.08277},
}

@PhdThesis{Hof2007,
  author = {Hof, Hans-Joachim},
  school = {Karlsruhe Institute of Technology},
  title  = {Sichere Dienste-Suche in Sensornetzen},
  year   = {2007},
  doi    = {10.5445/IR/1000007852},
}

@InBook{Bianchin2018,
  author    = {Bianchin, Gianluca and Pasqualetti, Fabio},
  pages     = {157--174},
  publisher = {Springer International Publishing},
  title     = {Time-Delay Attacks in Network Systems},
  year      = {2018},
  isbn      = {9783319989358},
  booktitle = {Cyber-Physical Systems Security},
  doi       = {10.1007/978-3-319-98935-8_8},
}

@InProceedings{Youssef2016,
  author    = {Youssef, Tarek A. and El Hariri, Mohamad and Bugay, Nicole and Mohammed, O. A.},
  booktitle = {2016 IEEE 16th International Conference on Environment and Electrical Engineering (EEEIC)},
  title     = {IEC 61850: Technology standards and cyber-threats},
  year      = {2016},
  month     = jun,
  publisher = {IEEE},
  doi       = {10.1109/eeeic.2016.7555647},
}

@Misc{rfc8446,
  author       = {Eric Rescorla},
  howpublished = {RFC 8446},
  month        = aug,
  title        = {{The Transport Layer Security (TLS) Protocol Version 1.3}},
  year         = {2018},
  abstract     = {This document specifies version 1.3 of the Transport Layer Security (TLS) protocol. TLS allows client/server applications to communicate over the Internet in a way that is designed to prevent eavesdropping, tampering, and message forgery. This document updates RFCs 5705 and 6066, and obsoletes RFCs 5077, 5246, and 6961. This document also specifies new requirements for TLS 1.2 implementations.},
  doi          = {10.17487/RFC8446},
  number       = {8446},
  pagetotal    = {160},
  publisher    = {RFC Editor},
  series       = {Request for Comments},
}

@TechReport{Basili92,
  author      = {Victor R. Basili},
  institution = {University of Maryland},
  title       = {Software Modeling and Measurement: The Goal/Question/Metric Pa\-ra\-digm},
  year        = {1992},
  number      = {CS-TR-2956, UMIACS-TR-92-96},
  url         = {http://hdl.handle.net/1903/7538},
  urldate     = {2025-01-30},
}

@Article{Basili84,
  author    = {Victor R. Basili and David M. Weiss},
  journal   = {{IEEE} Trans. Software Eng.},
  title     = {A Methodology for Collecting Valid Software Engineering Data},
  year      = {1984},
  number    = {6},
  volume    = {10},
  bibsource = {dblp computer science bibliography, https://dblp.org},
  biburl    = {https://dblp.org/rec/journals/tse/BasiliW84.bib},
  timestamp = {Thu, 14 Jan 2021 16:56:53 +0100},
}

@Online{eupl,
  author  = {{European Union}},
  title   = {{European Union Public Licence (EUPL) Version 1.2}},
  url     = {https://joinup.ec.europa.eu/collection/eupl},
  urldate = {2025-01-30},
  year    = {2017},
}

@Online{gitcasc,
  author  = {Moritz Gstuer},
  title   = {{Certificateless Attribute-Based Server-Aided Cryptosystem for Substation Automation Systems (CASC-SAS)}},
  url     = {https://github.com/gstuer/CASC-SAS},
  urldate = {2025-01-30},
  year    = {2025},
}

@InProceedings{Volkmann2024,
  author    = {Volkmann, Moritz and Kaven, Sascha and Tripathi, Shashank Shekher and Skwarek, Volker},
  booktitle = {13th International Conference on Renewable Energy Research and Applications (ICRERA)},
  title     = {Secure Identities for Renewable Energy Sources Through Self-Sovereign Identity and Attribute-Based Access Control},
  year      = {2024},
  month     = nov,
  pages     = {394--399},
  publisher = {IEEE},
  doi       = {10.1109/icrera62673.2024.10815352},
}

@Article{Zhang2023,
  author    = {Zhang, Leyou and Yang, Guang and Song, Chao and Wu, Qing},
  journal   = {Journal of King Saud University - Computer and Information Sciences},
  title     = {Accountable multi-authority attribute-based data access control in smart grids},
  year      = {2023},
  issn      = {1319-1578},
  month     = jul,
  number    = {7},
  pages     = {101597},
  volume    = {35},
  doi       = {10.1016/j.jksuci.2023.101597},
  publisher = {Springer Science and Business Media LLC},
}

@Article{Mu2023,
  author    = {Mu, Tianshi and Lai, Yuyang and Feng, Guocong and Lyu, Huahui and Yang, Hang and Deng, Jianfeng},
  journal   = {Alexandria Engineering Journal},
  title     = {A user-friendly attribute-based data access control scheme for smart grids},
  year      = {2023},
  issn      = {1110-0168},
  month     = mar,
  pages     = {209--217},
  volume    = {67},
  doi       = {10.1016/j.aej.2022.12.041},
  publisher = {Elsevier BV},
}

@Article{Zaidi2021,
  author    = {Zaidi, Syed Yawar Abbas and Shah, Munam Ali and Khattak, Hasan Ali and Maple, Carsten and Rauf, Hafiz Tayyab and El-Sherbeeny, Ahmed M. and El-Meligy, Mohammed A.},
  journal   = {Sustainability},
  title     = {An Attribute-Based Access Control for IoT Using Blockchain and Smart Contracts},
  year      = {2021},
  issn      = {2071-1050},
  month     = sep,
  number    = {19},
  pages     = {10556},
  volume    = {13},
  doi       = {10.3390/su131910556},
  publisher = {MDPI AG},
}

@Comment{jabref-meta: databaseType:bibtex;}
